@book {MR1645586,
    AUTHOR = {Rotman, Joseph},
     TITLE = {Galois theory},
    SERIES = {Universitext},
   EDITION = {Second},
 PUBLISHER = {Springer-Verlag, New York},
      YEAR = {1998},
     PAGES = {xiv+157},
      ISBN = {0-387-98541-7},
   MRCLASS = {12F10 (11R32)},
  MRNUMBER = {1645586},
       DOI = {10.1007/978-1-4612-0617-0},
       URL = {https://doi.org/10.1007/978-1-4612-0617-0},
}


@Article{zbMATH01077111,
 Author = {Bosma, Wieb and Cannon, John and Playoust, Catherine},
 Title = {The {Magma} algebra system. {I}: {The} user language},
 FJournal = {Journal of Symbolic Computation},
 Journal = {J. Symb. Comput.},
 ISSN = {0747-7171},
 Volume = {24},
 Number = {3-4},
 Pages = {235--265},
 Year = {1997},
 Language = {English},
 DOI = {10.1006/jsco.1996.0125},
 Keywords = {68W30},
 URL = {semanticscholar.org/paper/b7ebcec93f35e52ef14a41c9c9d55fa132987473},
 zbMATH = {1077111},
 Zbl = {0898.68039}
}


@book{MR0075938,
    AUTHOR = {Carmichael, Robert D.},
     TITLE = {Introduction to the theory of groups of finite order},
 PUBLISHER = {Dover Publications, Inc., New York},
      YEAR = {1956},
     PAGES = {xiv+447},
   MRCLASS = {20.0X},
  MRNUMBER = {0075938 (17,823a)},
}

@book {MR3379917,
    AUTHOR = {Stewart, Ian},
     TITLE = {Galois theory},
   EDITION = {Fourth},
 PUBLISHER = {CRC Press, Boca Raton, FL},
      YEAR = {2015},
     PAGES = {xxii+321},
      ISBN = {978-1-4822-4582-0},
   MRCLASS = {12F10 (12-01)},
  MRNUMBER = {3379917},
}

@article {MR166261,
    AUTHOR = {Feit, Walter and Thompson, John G.},
     TITLE = {Solvability of groups of odd order},
   JOURNAL = {Pacific J. Math.},
  FJOURNAL = {Pacific Journal of Mathematics},
    VOLUME = {13},
      YEAR = {1963},
     PAGES = {775--1029},
      ISSN = {0030-8730},
   MRCLASS = {20.40 (20.25)},
  MRNUMBER = {166261},
MRREVIEWER = {M. Suzuki},
       URL = {http://projecteuclid.org/euclid.pjm/1103053943},
}